@incollection{Hooke1679,
address = {London},
author = {Hooke, Robert},
booktitle = {Lectiones cutlerianae, or a Collection of lectures: physical, mechanical, geographical, and astronomical, made before the Royal Society on several occasions ... to which are added divers miscellaneous discourses},
editor = {Martyn, John},
mendeley-groups = {Space/Remote Sensing/Spectra},
pages = {4},
publisher = {John Martyn},
title = {{Potentia restitutiva, or spring}},
year = {1679}
}
